%% This BibTeX bibliography file was created using BibDesk.
%% https://bibdesk.sourceforge.io/

%% Created for Benjamin Bloem-Reddy at 2019-10-18 14:42:02 -0700 


%% Saved with string encoding Unicode (UTF-8) 



@inbook{Durrett:2015,
	Author = {Durrett, Richard},
	Booktitle = {Branching Process Models of Cancer},
	Date-Added = {2019-10-18 14:40:11 -0700},
	Date-Modified = {2019-10-18 14:42:02 -0700},
	Pages = {1--63},
	Publisher = {Springer International Publishing},
	Series = {Mathematical Biosciences Institute Lecture Series},
	Title = {Branching Process Models of Cancer},
	Url = {http://dx.doi.org/10.1007/978-3-319-16065-8_1},
	Year = {2015},
	Bdsk-Url-1 = {http://dx.doi.org/10.1007/978-3-319-16065-8_1}}


